<?xml version="1.0" encoding="UTF-8"?><record xmlns="http://www.loc.gov/MARC21/slim" xmlns:cinclude="http://apache.org/cocoon/include/1.0" xmlns:zs="http://www.loc.gov/zing/srw/">
  <leader>00607cz  a2200157n  4500</leader>
  <controlfield tag="001">n  87902907 </controlfield>
  <controlfield tag="003">DLC</controlfield>
  <controlfield tag="005">20080407080312.0</controlfield>
  <controlfield tag="008">871218n| acannaabn          |a aaa     c</controlfield>
  <datafield tag="010" ind1=" " ind2=" ">
    <subfield code="a">n  87902907 </subfield>
  </datafield>
  <datafield tag="035" ind1=" " ind2=" ">
    <subfield code="a">(OCoLC)oca02168221</subfield>
  </datafield>
  <datafield tag="040" ind1=" " ind2=" ">
    <subfield code="a">NjP</subfield>
    <subfield code="b">eng</subfield>
    <subfield code="c">DLC</subfield>
    <subfield code="d">DLC</subfield>
    <subfield code="d">OCoLC</subfield>
  </datafield>
  <datafield tag="100" ind1="1" ind2=" ">
    <subfield code="a">Stefanelli, Renato</subfield>
  </datafield>
  <datafield tag="400" ind1="1" ind2=" ">
    <subfield code="a">Stefanelli, R.</subfield>
    <subfield code="q">(Renato)</subfield>
  </datafield>
  <datafield tag="670" ind1=" " ind2=" ">
    <subfield code="a">Symposium on Computer Arithmetic (8th : 1987 : Como, Italy). Proceedings, 1987:</subfield>
    <subfield code="b">t.p. (Renato Stefanelli) p. 3 (Politecnico di Milano)</subfield>
  </datafield>
  <datafield tag="670" ind1=" " ind2=" ">
    <subfield code="a">Negrini, R. Fault tolerance through reconfiguration in VLSI and WSI arrays, c1989:</subfield>
    <subfield code="b">CIP t.p. (R. Stefanelli)</subfield>
  </datafield>
</record>